@book{kopka2003guide,
  title={Guide to LATEX},
  author={Kopka, Helmut and Daly, Patrick W},
  year={2003},
  publisher={Pearson Education}
}
@book{goossens1994latex,
  title={The LATEX companion},
  author={Goossens, Michel and Mittelbach, Frank and Samarin, Alexander},
  volume={1},
  year={1994},
  publisher={Addison-Wesley Reading}
}
@book{lamport1985i1,
  title={I1 ($\backslash$LaTeX)---A Document},
  author={Lamport, Leslie},
  volume={410},
  year={1985},
  publisher={pub-AW}
}